@online{Tol,
    author = {Paul Tol},
    title = {Paul Tol's Notes: Colour schemes and templates},
    year = {2021},
    url = {https://personal.sron.nl/~pault/},
    urldate = {2023-12-29},
}

@inproceedings{Ichihara_2008,
    author = {Yasuyo G. Ichihara and Masataka Okabe and Koichi Iga and Yosuke Tanaka and Kohei Musha and Kei Ito},
    title = {{Color universal design: the selection of four easily distinguishable colors for all color vision types}},
    year = {2008},
    volume = {6807},
    booktitle = {Color Imaging XIII: Processing, Hardcopy, and Applications},
    editor = {Reiner Eschbach and Gabriel G. Marcu and Shoji Tominaga},
    organization = {International Society for Optics and Photonics},
    publisher = {SPIE},
    pages = {68070O},
    keywords = {Color Universal Design, color vision, color category, visual communication},
    doi = {10.1117/12.765420},
    url = {https://doi.org/10.1117/12.765420},
}

@article{Wong_2011,
    author={Wong, Bang},
    title={Points of view: Color blindness},
    journal={Nature Methods},
    year={2011},
    month={Jun},
    day={01},
    volume={8},
    number={6},
    pages={441-441},
    issn={1548-7105},
    doi={10.1038/nmeth.1618},
    url={https://doi.org/10.1038/nmeth.1618}
}

